[gd_scene load_steps=8 format=2]

[ext_resource path="res://MidiTest.gd" type="Script" id=1]
[ext_resource path="res://Roll.tscn" type="PackedScene" id=2]
[ext_resource path="res://assets/ui/icons/keyboard.svg" type="Texture" id=3]
[ext_resource path="res://assets/ui/icons/midi.png" type="Texture" id=4]
[ext_resource path="res://assets/ui/icons/refresh.png" type="Texture" id=5]
[ext_resource path="res://Channel.gd" type="Script" id=6]

[sub_resource type="MultiMesh" id=1]

[node name="MidiTest" type="VBoxContainer"]
script = ExtResource( 1 )
__meta__ = {
"_edit_use_anchors_": false
}

[node name="MHBC" type="HBoxContainer" parent="."]
margin_right = 581.0
margin_bottom = 150.0
__meta__ = {
"_edit_use_anchors_": false
}

[node name="VSC" type="VSplitContainer" parent="MHBC"]
margin_right = 463.0
margin_bottom = 150.0
__meta__ = {
"_edit_use_anchors_": false
}

[node name="HBC" type="HBoxContainer" parent="MHBC/VSC"]
margin_right = 463.0
margin_bottom = 24.0
__meta__ = {
"_edit_use_anchors_": false
}

[node name="Refresh" type="Button" parent="MHBC/VSC/HBC"]
margin_right = 24.0
margin_bottom = 24.0
rect_min_size = Vector2( 24, 24 )

[node name="PanelContainer" type="PanelContainer" parent="MHBC/VSC/HBC/Refresh"]
margin_left = 1.5
margin_top = 1.5
margin_right = 1039.5
margin_bottom = 1039.5
rect_scale = Vector2( 0.02, 0.02 )
mouse_filter = 1
__meta__ = {
"_edit_use_anchors_": false
}

[node name="TextureRect" type="TextureRect" parent="MHBC/VSC/HBC/Refresh/PanelContainer"]
margin_left = 7.0
margin_top = 7.0
margin_right = 1031.0
margin_bottom = 1031.0
texture = ExtResource( 5 )

[node name="MIDILabel2" type="Label" parent="MHBC/VSC/HBC"]
margin_left = 28.0
margin_top = 5.0
margin_right = 60.0
margin_bottom = 19.0
rect_min_size = Vector2( 20, 0 )
text = "MIDI"

[node name="OptionButton" type="OptionButton" parent="MHBC/VSC/HBC"]
margin_left = 64.0
margin_right = 93.0
margin_bottom = 24.0
__meta__ = {
"_edit_use_anchors_": false
}

[node name="CheckBox" type="CheckBox" parent="MHBC/VSC/HBC"]
margin_left = 97.0
margin_right = 121.0
margin_bottom = 24.0
button_mask = 0
__meta__ = {
"_edit_use_anchors_": false
}

[node name="ConnectButton" type="Button" parent="MHBC/VSC/HBC"]
margin_left = 125.0
margin_right = 189.0
margin_bottom = 24.0
toggle_mode = true
text = "Connect"

[node name="OverrideCB" type="CheckBox" parent="MHBC/VSC/HBC"]
margin_left = 193.0
margin_right = 217.0
margin_bottom = 24.0
button_mask = 0
__meta__ = {
"_edit_use_anchors_": false
}

[node name="OverrideButton" type="Button" parent="MHBC/VSC/HBC"]
margin_left = 221.0
margin_right = 344.0
margin_bottom = 24.0
toggle_mode = true
text = "Channel Override"

[node name="Channel" type="OptionButton" parent="MHBC/VSC/HBC"]
margin_left = 348.0
margin_right = 398.0
margin_bottom = 24.0
rect_min_size = Vector2( 50, 0 )
shortcut_in_tooltip = false
script = ExtResource( 6 )

[node name="MIDIOptions" type="Button" parent="MHBC/VSC/HBC"]
margin_left = 402.0
margin_right = 426.0
margin_bottom = 24.0
grow_horizontal = 0
rect_min_size = Vector2( 24, 24 )
toggle_mode = true

[node name="PanelContainer" type="PanelContainer" parent="MHBC/VSC/HBC/MIDIOptions"]
margin_right = 214.0
margin_bottom = 214.0
rect_scale = Vector2( 0.12, 0.12 )
mouse_filter = 1
__meta__ = {
"_edit_use_anchors_": false
}

[node name="TextureRect" type="TextureRect" parent="MHBC/VSC/HBC/MIDIOptions/PanelContainer"]
margin_left = 7.0
margin_top = 7.0
margin_right = 207.0
margin_bottom = 207.0
texture = ExtResource( 4 )
__meta__ = {
"_edit_use_anchors_": false
}

[node name="SepLabel" type="Label" parent="MHBC/VSC/HBC"]
margin_left = 430.0
margin_top = 5.0
margin_right = 435.0
margin_bottom = 19.0
text = "/"

[node name="Keyboard" type="Button" parent="MHBC/VSC/HBC"]
margin_left = 439.0
margin_right = 463.0
margin_bottom = 24.0
grow_horizontal = 0
rect_min_size = Vector2( 24, 24 )
toggle_mode = true

[node name="PanelContainer" type="PanelContainer" parent="MHBC/VSC/HBC/Keyboard"]
margin_right = 477.0
margin_bottom = 477.0
rect_scale = Vector2( 0.05, 0.05 )
mouse_filter = 1
__meta__ = {
"_edit_use_anchors_": false
}

[node name="TextureRect" type="TextureRect" parent="MHBC/VSC/HBC/Keyboard/PanelContainer"]
margin_left = 7.0
margin_top = 7.0
margin_right = 470.0
margin_bottom = 470.0
texture = ExtResource( 3 )
__meta__ = {
"_edit_use_anchors_": false
}

[node name="Roll" parent="MHBC/VSC" instance=ExtResource( 2 )]
margin_top = 36.0
margin_right = 463.0
margin_bottom = 150.0

[node name="JoyStick" type="PanelContainer" parent="MHBC"]
margin_left = 467.0
margin_right = 581.0
margin_bottom = 150.0
rect_min_size = Vector2( 100, 0 )
__meta__ = {
"_edit_use_anchors_": false
}

[node name="CenterContainer" type="CenterContainer" parent="MHBC/JoyStick"]
margin_left = 7.0
margin_top = 7.0
margin_right = 107.0
margin_bottom = 143.0

[node name="VSplitContainer" type="VBoxContainer" parent="MHBC/JoyStick/CenterContainer"]
margin_right = 100.0
margin_bottom = 136.0

[node name="JoyStick2" type="PanelContainer" parent="MHBC/JoyStick/CenterContainer/VSplitContainer"]
margin_right = 100.0
margin_bottom = 100.0
rect_min_size = Vector2( 100, 100 )
__meta__ = {
"_edit_use_anchors_": false
}

[node name="Sprite" type="Sprite" parent="MHBC/JoyStick/CenterContainer/VSplitContainer/JoyStick2"]
position = Vector2( 50, 50 )
scale = Vector2( 0.08, 0.08 )
texture = ExtResource( 4 )

[node name="LabelX" type="Label" parent="MHBC/JoyStick/CenterContainer/VSplitContainer"]
margin_top = 104.0
margin_right = 100.0
margin_bottom = 118.0

[node name="LabelY" type="Label" parent="MHBC/JoyStick/CenterContainer/VSplitContainer"]
margin_top = 122.0
margin_right = 100.0
margin_bottom = 136.0

[node name="FMODparamscontainer" type="VBoxContainer" parent="."]
margin_top = 154.0
margin_right = 581.0
margin_bottom = 190.0

[node name="hbc" type="HBoxContainer" parent="FMODparamscontainer"]
margin_right = 581.0
margin_bottom = 36.0

[node name="hbc2" type="HBoxContainer" parent="FMODparamscontainer/hbc"]
margin_right = 43.0
margin_bottom = 36.0

[node name="Play" type="Button" parent="FMODparamscontainer/hbc/hbc2"]
modulate = Color( 0.607843, 0.670588, 0.956863, 1 )
show_behind_parent = true
margin_right = 43.0
margin_bottom = 36.0
disabled = true
toggle_mode = true
text = "PLAY"

[node name="VSeparator" type="VSeparator" parent="FMODparamscontainer/hbc"]
margin_left = 47.0
margin_right = 57.0
margin_bottom = 36.0
rect_min_size = Vector2( 10, 0 )

[node name="vbc" type="VBoxContainer" parent="FMODparamscontainer/hbc"]
margin_left = 61.0
margin_right = 265.0
margin_bottom = 36.0

[node name="phase" type="HBoxContainer" parent="FMODparamscontainer/hbc/vbc"]
margin_right = 204.0
margin_bottom = 16.0

[node name="HSlider" type="HSlider" parent="FMODparamscontainer/hbc/vbc/phase"]
margin_right = 120.0
margin_bottom = 16.0
rect_min_size = Vector2( 120, 0 )
max_value = 3.0
rounded = true
tick_count = 4
ticks_on_borders = true

[node name="Param" type="Label" parent="FMODparamscontainer/hbc/vbc/phase"]
margin_left = 124.0
margin_top = 1.0
margin_right = 204.0
margin_bottom = 15.0
rect_min_size = Vector2( 80, 0 )
text = "phase"
__meta__ = {
"_edit_use_anchors_": false
}

[node name="intensity" type="HBoxContainer" parent="FMODparamscontainer/hbc/vbc"]
margin_top = 20.0
margin_right = 204.0
margin_bottom = 36.0

[node name="HSlider" type="HSlider" parent="FMODparamscontainer/hbc/vbc/intensity"]
margin_right = 120.0
margin_bottom = 16.0
rect_min_size = Vector2( 120, 0 )
max_value = 3.0
step = 0.01

[node name="Param" type="Label" parent="FMODparamscontainer/hbc/vbc/intensity"]
margin_left = 124.0
margin_top = 1.0
margin_right = 204.0
margin_bottom = 15.0
rect_min_size = Vector2( 80, 0 )
text = "intensity"
__meta__ = {
"_edit_use_anchors_": false
}

[node name="fsparamscontainer" type="VBoxContainer" parent="."]
margin_top = 194.0
margin_right = 581.0
margin_bottom = 234.0

[node name="hbc" type="HBoxContainer" parent="fsparamscontainer"]
margin_right = 581.0
margin_bottom = 40.0

[node name="hbc2" type="HBoxContainer" parent="fsparamscontainer/hbc"]
margin_right = 53.0
margin_bottom = 40.0

[node name="Synth" type="Button" parent="fsparamscontainer/hbc/hbc2"]
modulate = Color( 0.894118, 1, 0.870588, 1 )
show_behind_parent = true
margin_right = 53.0
margin_bottom = 40.0
disabled = true
toggle_mode = true
text = "SYNTH"

[node name="VSeparator" type="VSeparator" parent="fsparamscontainer/hbc"]
margin_left = 57.0
margin_right = 67.0
margin_bottom = 40.0
rect_min_size = Vector2( 10, 0 )

[node name="vbc" type="VBoxContainer" parent="fsparamscontainer/hbc"]
margin_left = 71.0
margin_right = 275.0
margin_bottom = 40.0

[node name="gain" type="HBoxContainer" parent="fsparamscontainer/hbc/vbc"]
margin_right = 204.0
margin_bottom = 16.0

[node name="gainslider" type="HSlider" parent="fsparamscontainer/hbc/vbc/gain"]
margin_right = 120.0
margin_bottom = 16.0
rect_min_size = Vector2( 120, 0 )
max_value = 10.0
step = 0.01
value = 1.0
allow_greater = true
allow_lesser = true

[node name="label" type="Label" parent="fsparamscontainer/hbc/vbc/gain"]
margin_left = 124.0
margin_top = 1.0
margin_right = 204.0
margin_bottom = 15.0
rect_min_size = Vector2( 80, 0 )
text = "gain"
__meta__ = {
"_edit_use_anchors_": false
}

[node name="HBoxContainer" type="HBoxContainer" parent="fsparamscontainer/hbc/vbc"]
margin_top = 20.0
margin_right = 204.0
margin_bottom = 40.0

[node name="FontName" type="Label" parent="fsparamscontainer/hbc/vbc/HBoxContainer"]
margin_top = 3.0
margin_bottom = 17.0

[node name="instrument" type="OptionButton" parent="fsparamscontainer/hbc/vbc/HBoxContainer"]
margin_left = 4.0
margin_right = 84.0
margin_bottom = 20.0
rect_min_size = Vector2( 80, 0 )

[node name="KeyContainer" type="Node2D" parent="."]

[node name="MidiContainer" type="Node2D" parent="."]

[node name="MultiMeshInstance" type="MultiMeshInstance" parent="."]
multimesh = SubResource( 1 )
[connection signal="pressed" from="MHBC/VSC/HBC/Refresh" to="." method="_on_Refresh_pressed"]
[connection signal="item_selected" from="MHBC/VSC/HBC/OptionButton" to="." method="_on_OptionButton_item_selected"]
[connection signal="toggled" from="MHBC/VSC/HBC/ConnectButton" to="." method="_on_Label_toggled"]
[connection signal="toggled" from="MHBC/VSC/HBC/OverrideButton" to="." method="_on_OverrideButton_toggled"]
[connection signal="item_selected" from="MHBC/VSC/HBC/Channel" to="." method="_on_Channel_item_selected"]
[connection signal="toggled" from="MHBC/VSC/HBC/MIDIOptions" to="." method="_on_MIDIOptions_toggled"]
[connection signal="toggled" from="MHBC/VSC/HBC/Keyboard" to="." method="_on_Keyboard_toggled"]
[connection signal="toggled" from="FMODparamscontainer/hbc/hbc2/Play" to="." method="_on_Play_toggled"]
[connection signal="value_changed" from="FMODparamscontainer/hbc/vbc/phase/HSlider" to="." method="_on_phase_value_changed"]
[connection signal="value_changed" from="FMODparamscontainer/hbc/vbc/intensity/HSlider" to="." method="_on_intensity_value_changed"]
[connection signal="value_changed" from="fsparamscontainer/hbc/vbc/gain/gainslider" to="." method="_on_gainslider_value_changed"]
[connection signal="item_selected" from="fsparamscontainer/hbc/vbc/HBoxContainer/instrument" to="." method="_on_instrument_item_selected"]
